# 
New citations:

% 29571299 
@Article{suppa2,
	Author="Trincado, J. L.  and Entizne, J. C.  and Hysenaj, G.  and Singh, B.  and Skalic, M.  and Elliott, D. J.  and Eyras, E. ",
	Title="{{S}{U}{P}{P}{A}2: fast, accurate, and uncertainty-aware differential splicing analysis across multiple conditions}",
	Journal="Genome Biol.",
	Year="2018",
	Volume="19",
	Number="1",
	Pages="40",
	Month="03"
}

% 26829591 
@Article{majiq2,
	Author="Vaquero-Garcia, J.  and Barrera, A.  and Gazzara, M. R.  and Gonz?lez-Vallinas, J.  and Lahens, N. F.  and Hogenesch, J. B.  and Lynch, K. W.  and Barash, Y. ",
	Title="{{A} new view of transcriptome complexity and regulation through the lens of local splicing variations}",
	Journal="Elife",
	Year="2016",
	Volume="5",
	Pages="e11752",
	Month="Feb"
}

% 23104886 
@Article{star,
	Author="Dobin, A.  and Davis, C. A.  and Schlesinger, F.  and Drenkow, J.  and Zaleski, C.  and Jha, S.  and Batut, P.  and Chaisson, M.  and Gingeras, T. R. ",
	Title="{{S}{T}{A}{R}: ultrafast universal {R}{N}{A}-seq aligner}",
	Journal="Bioinformatics",
	Year="2013",
	Volume="29",
	Number="1",
	Pages="15--21",
	Month="Jan"
}

% 27137889 
@Article{galaxy,
	Author="Afgan, E.  and Baker, D.  and van den Beek, M.  and Blankenberg, D.  and Bouvier, D.  and ?ech, M.  and Chilton, J.  and Clements, D.  and Coraor, N.  and Eberhard, C.  and Gr?ning, B.  and Guerler, A.  and Hillman-Jackson, J.  and Von Kuster, G.  and Rasche, E.  and Soranzo, N.  and Turaga, N.  and Taylor, J.  and Nekrutenko, A.  and Goecks, J. ",
	Title="{{T}he {G}alaxy platform for accessible, reproducible and collaborative biomedical analyses: 2016 update}",
	Journal="Nucleic Acids Res.",
	Year="2016",
	Volume="44",
	Number="W1",
	Pages="W3-W10",
	Month="07"
}

@ARTICLE{w2v1,
	author = {{Mikolov}, Tomas and {Chen}, Kai and {Corrado}, Greg and {Dean}, Jeffrey},
	title = "{Efficient Estimation of Word Representations in Vector Space}",
	journal = {arXiv e-prints},
	keywords = {Computer Science - Computation and Language},
	year = 2013,
	month = jan,
	eid = {arXiv:1301.3781},
	pages = {arXiv:1301.3781},
	archivePrefix = {arXiv},
	eprint = {1301.3781},
	primaryClass = {cs.CL},
	adsurl = {https://ui.adsabs.harvard.edu/abs/2013arXiv1301.3781M},
	adsnote = {Provided by the SAO/NASA Astrophysics Data System}
}

@ARTICLE{w2v2,
	author = {{Mikolov}, Tomas and {Sutskever}, Ilya and {Chen}, Kai and
	{Corrado}, Greg and {Dean}, Jeffrey},
	title = "{Distributed Representations of Words and Phrases and their Compositionality}",
	journal = {arXiv e-prints},
	keywords = {Computer Science - Computation and Language, Computer Science - Machine Learning, Statistics - Machine Learning},
	year = 2013,
	month = oct,
	eid = {arXiv:1310.4546},
	pages = {arXiv:1310.4546},
	archivePrefix = {arXiv},
	eprint = {1310.4546},
	primaryClass = {cs.CL},
	adsurl = {https://ui.adsabs.harvard.edu/abs/2013arXiv1310.4546M},
	adsnote = {Provided by the SAO/NASA Astrophysics Data System}
}


@ARTICLE{d2v1,
	author = {{Le}, Quoc V. and {Mikolov}, Tomas},
	title = "{Distributed Representations of Sentences and Documents}",
	journal = {arXiv e-prints},
	keywords = {Computer Science - Computation and Language, Computer Science - Artificial Intelligence, Computer Science - Machine Learning},
	year = 2014,
	month = may,
	eid = {arXiv:1405.4053},
	pages = {arXiv:1405.4053},
	archivePrefix = {arXiv},
	eprint = {1405.4053},
	primaryClass = {cs.CL},
	adsurl = {https://ui.adsabs.harvard.edu/abs/2014arXiv1405.4053L},
	adsnote = {Provided by the SAO/NASA Astrophysics Data System}
}

@ARTICLE{d2v2,
	author = {{Kiros}, Ryan and {Zhu}, Yukun and {Salakhutdinov}, Ruslan and
	{Zemel}, Richard S. and {Torralba}, Antonio and {Urtasun}, Raquel and
	{Fidler}, Sanja},
	title = "{Skip-Thought Vectors}",
	journal = {arXiv e-prints},
	keywords = {Computer Science - Computation and Language, Computer Science - Machine Learning},
	year = 2015,
	month = jun,
	eid = {arXiv:1506.06726},
	pages = {arXiv:1506.06726},
	archivePrefix = {arXiv},
	eprint = {1506.06726},
	primaryClass = {cs.CL},
	adsurl = {https://ui.adsabs.harvard.edu/abs/2015arXiv150606726K},
	adsnote = {Provided by the SAO/NASA Astrophysics Data System}
}

% 19854939 
@Article{bionumbers,
	Author="Milo, R.  and Jorgensen, P.  and Moran, U.  and Weber, G.  and Springer, M. ",
	Title="{{B}io{N}umbers--the database of key numbers in molecular and cell biology}",
	Journal="Nucleic Acids Res.",
	Year="2010",
	Volume="38",
	Number="Database issue",
	Pages="D750--753",
	Month="Jan",
	note={\url{https://bionumbers.hms.harvard.edu/bionumber.aspx?id=105336&ver=6}},
}


% 15217358 
@Article{exonintronlens,
	Author="Sakharkar, M. K.  and Chow, V. T.  and Kangueane, P. ",
	Title="{{D}istributions of exons and introns in the human genome}",
	Journal="In Silico Biol. (Gedrukt)",
	Year="2004",
	Volume="4",
	Number="4",
	Pages="387--393"
}


% 21057496 
@Article{miso,
	Author="Katz, Y.  and Wang, E. T.  and Airoldi, E. M.  and Burge, C. B. ",
	Title="{{A}nalysis and design of {R}{N}{A} sequencing experiments for identifying isoform regulation}",
	Journal="Nat. Methods",
	Year="2010",
	Volume="7",
	Number="12",
	Pages="1009--1015",
	Month="Dec"
}


@inproceedings{gensim,
	title = {{Software Framework for Topic Modelling with Large Corpora}},
	author = {Radim {\v R}eh{\r u}{\v r}ek and Petr Sojka},
	booktitle = {{Proceedings of the LREC 2010 Workshop on New
	Challenges for NLP Frameworks}},
	pages = {45--50},
	year = 2010,
	month = May,
	day = 22,
	publisher = {ELRA},
	address = {Valletta, Malta},
	note={\url{http://is.muni.cz/publication/884893/en}},
	language={English}
}

@incollection{pytorch,
	title = {PyTorch: An Imperative Style, High-Performance Deep Learning Library},
	author = {Paszke, Adam and Gross, Sam and Massa, Francisco and Lerer, Adam and Bradbury, James and Chanan, Gregory and Killeen, Trevor and Lin, Zeming and Gimelshein, Natalia and Antiga, Luca and Desmaison, Alban and Kopf, Andreas and Yang, Edward and DeVito, Zachary and Raison, Martin and Tejani, Alykhan and Chilamkurthy, Sasank and Steiner, Benoit and Fang, Lu and Bai, Junjie and Chintala, Soumith},
	booktitle = {Advances in Neural Information Processing Systems 32},
	editor = {H. Wallach and H. Larochelle and A. Beygelzimer and F. d Alch\'{e}-Buc and E. Fox and R. Garnett},
	pages = {8024--8035},
	year = {2019},
	publisher = {Curran Associates, Inc.},
	url = {http://papers.neurips.cc/paper/9015-pytorch-an-imperative-style-high-performance-deep-learning-library.pdf}
}

% 18081010 
@Article{splicing_current_perspectives,
	Author="Kim, E.  and Goren, A.  and Ast, G. ",
	Title="{{A}lternative splicing: current perspectives}",
	Journal="Bioessays",
	Year="2008",
	Volume="30",
	Number="1",
	Pages="38--47",
	Month="Jan"
}

% 23118488 
@Article{hexevent,
	Author="Busch, A.  and Hertel, K. J. ",
	Title="{{H}{E}{X}{E}vent: a database of {H}uman {E}{X}on splicing {E}vents}",
	Journal="Nucleic Acids Res.",
	Year="2013",
	Volume="41",
	Number="Database issue",
	Pages="D118--124",
	Month="Jan"
}

% 27733501 
@Article{hipsci,
	Author="Streeter, I.  and Harrison, P. W.  and Faulconbridge, A.  and Flicek, P.  and Parkinson, H.  and Clarke, L. ",
	Title="{{T}he human-induced pluripotent stem cell initiative-data resources for cellular genetics}",
	Journal="Nucleic Acids Res.",
	Year="2017",
	Volume="45",
	Number="D1",
	Pages="D691-D697",
	Month="01"
}

% 26484571 
@Article{gtex,
	Author="Carithers, L. J.  and Ardlie, K.  and Barcus, M.  and Branton, P. A.  and Britton, A.  and Buia, S. A.  and Compton, C. C.  and DeLuca, D. S.  and Peter-Demchok, J.  and Gelfand, E. T.  and Guan, P.  and Korzeniewski, G. E.  and Lockhart, N. C.  and Rabiner, C. A.  and Rao, A. K.  and Robinson, K. L.  and Roche, N. V.  and Sawyer, S. J.  and Segr?, A. V.  and Shive, C. E.  and Smith, A. M.  and Sobin, L. H.  and Undale, A. H.  and Valentino, K. M.  and Vaught, J.  and Young, T. R.  and Moore, H. M.  and Barker, L.  and Basile, M.  and Battle, A.  and Boyer, J.  and Bradbury, D.  and Bridge, J. P.  and Brown, A.  and Burges, R.  and Choi, C.  and Colantuoni, D.  and Cox, N.  and Dermitzakis, E. T.  and Derr, L. K.  and Dinsmore, M. J.  and Erickson, K.  and Fleming, J.  and Flutre, T.  and Foster, B. A.  and Gamazon, E. R.  and Getz, G.  and Gillard, B. M.  and Guigo, R.  and Hambright, K. W.  and Hariharan, P.  and Hasz, R.  and Im, H. K.  and Jewell, S.  and Karasik, E.  and Kellis, M.  and Kheradpour, P.  and Koester, S.  and Koller, D.  and Konkashbaev, A.  and Lappalainen, T.  and Little, R.  and Liu, J.  and Lo, E.  and Lonsdale, J. T.  and Lu, C.  and MacArthur, D. G.  and Magazine, H.  and Maller, J. B.  and Marcus, Y.  and Mash, D. C.  and McCarthy, M. I.  and McLean, J.  and Mestichelli, B.  and Miklos, M.  and Monlong, J.  and Mosavel, M.  and Moser, M. T.  and Mostafavi, S.  and Nicolae, D. L.  and Pritchard, J.  and Qi, L.  and Ramsey, K.  and Rivas, M. A.  and Robles, B. E.  and Rohrer, D. C.  and Salvatore, M.  and Sammeth, M.  and Seleski, J.  and Shad, S.  and Siminoff, L. A.  and Stephens, M.  and Struewing, J.  and Sullivan, T.  and Sullivan, S.  and Syron, J.  and Tabor, D.  and Taherian, M.  and Tejada, J.  and Temple, G. F.  and Thomas, J. A.  and Thomson, A. W.  and Tidwell, D.  and Traino, H. M.  and Tu, Z.  and Valley, D. R.  and Volpi, S.  and Walters, G. D.  and Ward, L. D.  and Wen, X.  and Winckler, W.  and Wu, S.  and Zhu, J. ",
	Title="{{A} {N}ovel {A}pproach to {H}igh-{Q}uality {P}ostmortem {T}issue {P}rocurement: {T}he {G}{T}{E}x {P}roject}",
	Journal="Biopreserv Biobank",
	Year="2015",
	Volume="13",
	Number="5",
	Pages="311--319",
	Month="Oct"
}

@misc{img:mrna,
	author = "{Mutundis}",
	title = "File:Pre-mRNA to mRNA MH.svg",
	year = "2015",
	url = "https://commons.wikimedia.org/wiki/File:Pre-mRNA_to_mRNA_MH.svg",
	note = "[Online; accessed 23-August-2020]"
}

@misc{img:ipscprocess,
	author = "{Y tambe}",
	title = "File:Induction of iPS cells.svg",
	year = "2007",
	url = "https://commons.wikimedia.org/wiki/File:Pre-mRNA_to_mRNA_MH.svg",
	note = "[Online; accessed 23-August-2020]"
}

% 24940767 
@Article{img:altsplicingforms,
	Author="Liu, L.  and Xie, S.  and Zhang, C.  and Zhu, F. ",
	Title="{{A}berrant regulation of alternative pre-m{R}{N}{A} splicing in hepatocellular carcinoma}",
	Journal="Crit. Rev. Eukaryot. Gene Expr.",
	Year="2014",
	Volume="24",
	Number="2",
	Pages="133--149"
}

% 26073330 
@Article{drugdiscoverysplicing,
	Author="Le, K. Q.  and Prabhakar, B. S.  and Hong, W. J.  and Li, L. C. ",
	Title="{{A}lternative splicing as a biomarker and potential target for drug discovery}",
	Journal="Acta Pharmacol. Sin.",
	Year="2015",
	Volume="36",
	Number="10",
	Pages="1212--1218",
	Month="Oct"
}

% 25805853 
@Article{buschhertel,
	Author="Busch, A.  and Hertel, K. J. ",
	Title="{{S}plicing predictions reliably classify different types of alternative splicing}",
	Journal="RNA",
	Year="2015",
	Volume="21",
	Number="5",
	Pages="813--823",
	Month="May"
}

% 21795381 
@Article{featurearoundexonjunc,
	Author="Shepard, P. J.  and Choi, E. A.  and Busch, A.  and Hertel, K. J. ",
	Title="{{E}fficient internal exon recognition depends on near equal contributions from the 3' and 5' splice sites}",
	Journal="Nucleic Acids Res.",
	Year="2011",
	Volume="39",
	Number="20",
	Pages="8928--8937",
	Month="Nov"
}


% 24321485 
@Article{splicingcodegood1,
	Author="Gazzara, M. R.  and Vaquero-Garcia, J.  and Lynch, K. W.  and Barash, Y. ",
	Title="{{I}n silico to in vivo splicing analysis using splicing code models}",
	Journal="Methods",
	Year="2014",
	Volume="67",
	Number="1",
	Pages="3--12",
	Month="May"
}

% 25525159 
@Article{splicingcodegood2,
	Author="Xiong, H. Y.  and Alipanahi, B.  and Lee, L. J.  and Bretschneider, H.  and Merico, D.  and Yuen, R. K.  and Hua, Y.  and Gueroussov, S.  and Najafabadi, H. S.  and Hughes, T. R.  and Morris, Q.  and Barash, Y.  and Krainer, A. R.  and Jojic, N.  and Scherer, S. W.  and Blencowe, B. J.  and Frey, B. J. ",
	Title="{{R}{N}{A} splicing. {T}he human splicing code reveals new insights into the genetic determinants of disease}",
	Journal="Science",
	Year="2015",
	Volume="347",
	Number="6218",
	Pages="1254806",
	Month="Jan"
}

% 31374967 
@Article{dsc,
	Author="Louadi, Z.  and Oubounyt, M.  and Tayara, H.  and Chong, K. T. ",
	Title="{{D}eep {S}plicing {C}ode: {C}lassifying {A}lternative {S}plicing {E}vents {U}sing {D}eep {L}earning}",
	Journal="Genes (Basel)",
	Year="2019",
	Volume="10",
	Number="8",
	Month="08"
}

% 21803804 
@Article{bnnsplicing,
	Author="Xiong, H. Y.  and Barash, Y.  and Frey, B. J. ",
	Title="{{B}ayesian prediction of tissue-regulated splicing using {R}{N}{A} sequence and cellular context}",
	Journal="Bioinformatics",
	Year="2011",
	Volume="27",
	Number="18",
	Pages="2554--2562",
	Month="Sep"
}

% 20445623 
@Article{barash2010a,
	Author="Barash, Y.  and Calarco, J. A.  and Gao, W.  and Pan, Q.  and Wang, X.  and Shai, O.  and Blencowe, B. J.  and Frey, B. J. ",
	Title="{{D}eciphering the splicing code}",
	Journal="Nature",
	Year="2010",
	Volume="465",
	Number="7294",
	Pages="53--59",
	Month="May"
}

% 20529924 
@Article{barash2010b,
	Author="Barash, Y.  and Blencowe, B. J.  and Frey, B. J. ",
	Title="{{M}odel-based detection of alternative splicing signals}",
	Journal="Bioinformatics",
	Year="2010",
	Volume="26",
	Number="12",
	Pages="i325--333",
	Month="Jun"
}

@ARTICLE{d2vsplicing,
	author={M. {Oubounyt} and Z. {Louadi} and H. {Tayara} and K. {To Chong}},
	journal={IEEE Access}, 
	title={Deep Learning Models Based on Distributed Feature Representations for Alternative Splicing Prediction}, 
	year={2018},
	volume={6},
	number={},
	pages={58826-58834},}

@INPROCEEDINGS{inception,
	author={C. {Szegedy} and V. {Vanhoucke} and S. {Ioffe} and J. {Shlens} and Z. {Wojna}},
	booktitle={2016 IEEE Conference on Computer Vision and Pattern Recognition (CVPR)}, 
	title={Rethinking the Inception Architecture for Computer Vision}, 
	year={2016},
	volume={},
	number={},
	pages={2818-2826},}

# ---------------------------------------------------------------------------------------------------
Citations from initial project essay:

% 29349080 
@Article{misrepresenters,
	Author="Cui, Y.  and Cai, M.  and Stanley, H. E. ",
	Title="{{C}omparative {A}nalysis and {C}lassification of {C}assette {E}xons and {C}onstitutive {E}xons}",
	Journal="Biomed Res Int",
	Year="2017",
	Volume="2017",
	Pages="7323508"
}

% 23258890 
@Article{commonsplicing1,
	Author="Barbosa-Morais, N. L.  and Irimia, M.  and Pan, Q.  and Xiong, H. Y.  and Gueroussov, S.  and Lee, L. J.  and Slobodeniuc, V.  and Kutter, C.  and Watt, S.  and Colak, R.  and Kim, T.  and Misquitta-Ali, C. M.  and Wilson, M. D.  and Kim, P. M.  and Odom, D. T.  and Frey, B. J.  and Blencowe, B. J. ",
	Title="{{T}he evolutionary landscape of alternative splicing in vertebrate species}",
	Journal="Science",
	Year="2012",
	Volume="338",
	Number="6114",
	Pages="1587--1593",
	Month="Dec"
}

% 14992493 
@Article{commonsplicing2,
	Author="Sugnet, C. W.  and Kent, W. J.  and Ares, M.  and Haussler, D. ",
	Title="{{T}ranscriptome and genome conservation of alternative splicing events in humans and mice}",
	Journal="Pac Symp Biocomput",
	Year="2004",
	Pages="66--77"
}

% 15234240 
@Article{cancer,
	Author="Brinkman, B. M. ",
	Title="{{S}plice variants as cancer biomarkers}",
	Journal="Clin. Biochem.",
	Year="2004",
	Volume="37",
	Number="7",
	Pages="584--594",
	Month="Jul"
}

% 31779139 
@Article{comparison,
	Author="Rowlands, C. F.  and Baralle, D.  and Ellingford, J. M. ",
	Title="{{M}achine {L}earning {A}pproaches for the {P}rioritization of {G}enomic {V}ariants {I}mpacting {P}re-m{R}{N}{A} {S}plicing}",
	Journal="Cells",
	Year="2019",
	Volume="8",
	Number="12",
	Month="11"
}

% 31779139 
@Article{bretschneiderphdthesis,
	Author="Bretschneider, Hannes",
	Title="{{A}lternative {S}plice {S}ite {P}rediction with Deep Learning
	}",
	Year="2019",
	Month="6"
}

@article {discoveryofsplicing,
	author = {Berget, Susan M. and Moore, Claire and Sharp, Phillip A.},
	title = {Spliced segments at the 5' terminus of adenovirus 2 late mRNA},
	volume = {74},
	number = {8},
	pages = {3171--3175},
	year = {1977},
	doi = {10.1073/pnas.74.8.3171},
	publisher = {National Academy of Sciences},
	abstract = {An mRNA fraction coding for hexon polypeptide, the major virion structural protein, was purified by gel electrophoresis from extracts of adenovirus 2-infected cells late in the lytic cycle. The mRNA sequences in this fraction were mapped between 51.7 and 61.3 units on the genome by visualizing RNA.DNA hybrids in the electron microscope. When hybrids of hexon mRNA and single-stranded restriction endonuclease cleavage fragments of viral DNA were visualized in the electron microscope, branched forms were observed in which 160 nucleotides of RNA from the 5' terminus were not hydrogen bonded to the single-stranded DNA. DNA sequences complementary to the RNA sequences in each 5' tail were found by electron microscopy to be located at 17, 20, and 27 units on the same strand as that coding for the body of the hexon mRNA. Thus, four segments of viral RNA may be joined together during the synthesis of mature hexon mRNA. A model is presented for adenovirus late mRNA synthesis that involves multiple splicing during maturation of a larger precursor nuclear RNA.},
	issn = {0027-8424},
	URL = {https://www.pnas.org/content/74/8/3171},
	eprint = {https://www.pnas.org/content/74/8/3171.full.pdf},
	journal = {Proceedings of the National Academy of Sciences}
}

% 30661751 
@Article{cell,
	Author="Jaganathan, K.  and Kyriazopoulou Panagiotopoulou, S.  and McRae, J. F.  and Darbandi, S. F.  and Knowles, D.  and Li, Y. I.  and Kosmicki, J. A.  and Arbelaez, J.  and Cui, W.  and Schwartz, G. B.  and Chow, E. D.  and Kanterakis, E.  and Gao, H.  and Kia, A.  and Batzoglou, S.  and Sanders, S. J.  and Farh, K. K. ",
	Title="{{P}redicting {S}plicing from {P}rimary {S}equence with {D}eep {L}earning}",
	Journal="Cell",
	Year="2019",
	Volume="176",
	Number="3",
	Pages="535--548",
	Month="01"
}

% 29949959 
@Article{cossmo,
	Author="Bretschneider, H.  and Gandhi, S.  and Deshwar, A. G.  and Zuberi, K.  and Frey, B. J. ",
	Title="{{C}{O}{S}{S}{M}{O}: predicting competitive alternative splice site selection using deep learning}",
	Journal="Bioinformatics",
	Year="2018",
	Volume="34",
	Number="13",
	Pages="i429-i437",
	Month="07"
}

% 24931975 
@Article{leung2014,
	Author="Leung, M. K.  and Xiong, H. Y.  and Lee, L. J.  and Frey, B. J. ",
	Title="{{D}eep learning of the tissue-regulated splicing code}",
	Journal="Bioinformatics",
	Year="2014",
	Volume="30",
	Number="12",
	Pages="i121--129",
	Month="Jun"
}

% 28882000 
@Article{jha,
	Author="Jha, A.  and Gazzara, M. R.  and Barash, Y. ",
	Title="{{I}ntegrative deep models for alternative splicing}",
	Journal="Bioinformatics",
	Year="2017",
	Volume="33",
	Number="14",
	Pages="i274-i282",
	Month="Jul"
}

% 19010929 
@Article{psi,
	Author="Venables, J. P.  and Klinck, R.  and Bramard, A.  and Inkel, L.  and Dufresne-Martin, G.  and Koh, C.  and Gervais-Bird, J.  and Lapointe, E.  and Froehlich, U.  and Durand, M.  and Gendron, D.  and Brosseau, J. P.  and Thibault, P.  and Lucier, J. F.  and Tremblay, K.  and Prinos, P.  and Wellinger, R. J.  and Chabot, B.  and Rancourt, C.  and Elela, S. A. ",
	Title="{{I}dentification of alternative splicing markers for breast cancer}",
	Journal="Cancer Res.",
	Year="2008",
	Volume="68",
	Number="22",
	Pages="9525--9531",
	Month="Nov"
}

% 30823901 
@Article{mmsplice,
	Author="Cheng, J.  and Nguyen, T. Y. D.  and Cygan, K. J.  and ?elik, M. H.  and Fairbrother, W. G.  and Avsec, ?.  and Gagneur, J. ",
	Title="{{M}{M}{S}plice: modular modeling improves the predictions of genetic variant effects on splicing}",
	Journal="Genome Biol.",
	Year="2019",
	Volume="20",
	Number="1",
	Pages="48",
	Month="03"
}



@Article{smoothcriminal,
	author       = {Ellingford, Jamie M and Thomas, Huw B and Rowlands, Charlie and Arno, Gavin and Beaman, Glenda and Gomes-Silva, Beatriz and Campbell, Christopher and Gossan, Nicole and Hardcastle, Claire and Webb, Kevin and O{\textquoteright}Callaghan, Christopher and Hirst, Robert A and Ramsden, Simon and Jones, Elizabeth and Clayton-Smith, Jill and Webster, Andrew R and , and O{\textquoteright}Keefe, Raymond T and Newman, William G and Black, Graeme CM},
	title        = {Functional and in-silico interrogation of rare genomic variants impacting RNA splicing for the diagnosis of genomic disorders},
	journal      = {bioRxiv},
	year         = {2019},
	month        = {sep},
	doi          = {10.1101/781088},
	editor       = {Ambrose, J. C. and Baple, E. L. and Bleda, M. and Boardman-Pretty, F. and Boissiere, J. M. and Boustred, C. R. and Caulfield, M. J. and Chan, G. C. and Craig, C. E. H. and Daugherty, L. C. and de Burca, A. and Devereau, A. and Elgar, G. and Foulger, R. E. and Fowler, T. and Furi{\'o}-Tar{\'\i}, P. and Hackett, J. M. and Halai, D. and Holman, J. E. and Hubbard, T. J. P. and Jackson, R. and Kasperaviciute, D. and Kayikci, M. and Lahnstein, L. and Lawson, K. and Leigh, S. E. A. and Leong, I. U. S. and Lopez, F. J. and Maleady-Crowe, F. and Mason, J. and McDonagh, E. M. and Moutsianas, L. and Mueller, M. and Murugaesu, N. and Need, A. C. and Odhams, C. A. and Patch, C. and Perez-Gil, D. and Polychronopoulos, D. and Pullinger, J. and Rahim, T. and Rendon, A. and Riesgo-Ferreiro, P. and Rogers, T. and Ryten, M. and Savage, K. and Sawant, K. and Scott, R. H. and Siddiq, A. and Sieghart, A. and Smedley, D. and Smith, K. R. and Sosinsky, A. and Spooner, W. and Stevens, H. E. and Stuckey, A. and Sultana, R. and Thomas, E. R. A. and Thompson, S. R. and Tregidgo, C. and Tucci, A. and Walsh, E. and Watters, S. A. and Welland, M. J. and Williams, E. and Witkowska, K. and Wood, S. M. and Zarowiecki, M.},
	elocation-id = {781088},
	eprint       = {https://www.biorxiv.org/content/early/2019/09/26/781088.full.pdf},
	publisher    = {Cold Spring Harbor Laboratory},
	url          = {https://www.biorxiv.org/content/early/2019/09/26/781088},
}